@misc{c01o,
	author = "HowToForge",
	note = {\url{http://www.howtoforge.com/replacing\_hard\_disks\_in\_a\_raid1\_array}}
}

@misc{c02,
	author = "Debian",
	note = {\url{http://debian-handbook.info/browse/es-ES/stable/sect.task-scheduling-cron-atd.html}}
}

@misc{c02o,
	author = "Nagios",
	note = {\url{http://assets.nagios.com/downloads/nagioscore/docs/Installing\_Nagios\_Core\_From\_Source.pdf}}
}

@misc{c04o,
	author = "thedutchlab.com",
	note = {\url{https://thedutchlab.com/en/news/installing-zabbix-on-ubuntu-14-04}}
}
@misc{c11o,
	author = "MongoDB",
	note = {\url{http://docs.mongodb.org/manual/tutorial/install-mongodb-on-ubuntu/}}
}
@misc{c11o2,
	author = "querymongo.com",
	note = {\url{http://www.querymongo.com/}}
}
