@misc{01c01,
	author = "Centos",
	note = {\url{https://www.centos.org/docs/5/html/5.2/Deployment_Guide/s1-yum-useful-commands.html}}
}
@misc{02c01,
	author = "Centos",
	note = {\url{https://www.centos.org/docs/5/html/yum/sn-yum-proxy-server.html}}
}
@misc{04c01,
	author = "Ubuntu",
	note = {\url{http://www.guia-ubuntu.com/index.php/Añadir\_repositorios\_externos}}
}
@misc{04c02,
	author = "Ubuntu",
	note = {\url{http://askubuntu.com/questions/257290/configure-proxy-for-apt}}
}
@misc{05c01,
	author = "Fedora",
	note = {\url{http://docs.fedoraproject.org/en-US/Fedora_Draft_Documentation/0.2/html/OpenSSH_Guide/sect-OpenSSH\_Guide-Security-OpenSSH\_In\_Action.html}}
}
@misc{06c01,
	author = "Universidad de Zaragoza",
	note = {\url{http://webdiis.unizar.es/~spd/sec/X11.txt}}
}
@misc{07c01,
	author = "Debian",
	note = {\url{https://www.debian-administration.org/article/152/Password-less\_logins\_with\_OpenSSH}}
}
@misc{08c01,
	author = "RedHat",
	note = {\url{https://access.redhat.com/documentation/en-US/Red\_Hat\_Enterprise\_Linux/6/html/V2V\_Guide/Preperation\_Before\_the\_P2V\_Migration-Enable\_Root\_Login\_over\_SSH.html}}
}
@misc{09c01,
	author = "Ubuntu",
	note = {\url{https://help.ubuntu.com/community/SSH/OpenSSH/Configuring}}
}
@misc{09c02,
	author = "RedHat",
	note = {\url{https://access.redhat.com/documentation/en-US/Red_Hat_Enterprise_Linux/6/html/Deployment_Guide/s2-ssh-configuration-sshd.html}}
}
@misc{09o201,
	author = "Tecmint",
	note = {\url{http://www.tecmint.com/how-to-enable-epel-repository-for-rhel-centos-6-5/}}
}
@misc{09o202,
	author = "Ejecutivo Soporte XpressHosting",
	note = {\url{http://blog.xpress.com.mx/2011/12/¿que-es-el-comando-screen-y-como-utilizarlo/}}
}
@misc{09o301,
	author = "Ubuntu",
	note = {\url{https://help.ubuntu.com/community/Fail2ban}}
}
@misc{11cn01,
	author = "Wikipedia",
	note = {\url{http://en.wikipedia.org/wiki/Comparison\_of\_web\_server\_software}}
}
@misc{11co01,
	author = "HowToForge",
	note = {\url{http://www.howtoforge.com/how-to-install-tomcat-on-centos-7}}
}
@misc{11co02,
	author = "MongoDB",
	note = {\url{http://docs.mongodb.org/manual/tutorial/install-mongodb-on-red-hat-centos-or-fedora-linux/}}
}
@misc{11co03,
	author = "MongoDB",
	note = {\url{http://docs.mongodb.org/manual/tutorial/getting-started/}}
}
@misc{15co01,
	author = "Lintut",
	note = {\url{http://lintut.com/how-to-install-webmin-on-centos-7/}}
}
@misc{20co01,
	author = "Microsoft",
	note = {\url{http://technet.microsoft.com/es-es/library/dd347650.aspx}}
}



