@misc{p11,
	note = {[Oracle] \url{"http://docs.oracle.com/cd/E27300_01/E27309/html/vmusg-vm-modes.html"}}
	}
@misc{p12,
	note = {[VMWare] \url{"http://www.vmware.com/es/virtualization"} \\[Fundación Madrid ID] \url{"http://www.madrimasd.org/informacionidi/biblioteca/publicacion/doc/VT/VT19_green_IT_tecnologias_eficiencia_energetica_sistemas_TI.pdf"}}
}
@misc{p21,
	note = {[Evidalia] \url{"http://www.evidaliahost.com/"} \\[Dinahosting] \url{"https://dinahosting.com/"} \\[Hostinger] \url{"http://www.hostinger.es/"} \\[Arsys] \url{"http://www.arsys.es/"}}
}
@misc{p31,
	note = {[Wikipedia] \url{http://es.wikipedia.org/wiki/Virtualización}}
}
@misc{p41,
	note = {[Microsoft] \url{http://download.microsoft.com/download/3/F/2/3F24A601-D7B1-4F68-91C3-CFADB2CD419D/WS%202012%20Feature%20Comparison_Windows%20Server%20Versions.pdf}}
}
@misc{p51,
	note = {[Ubuntu] \url{http://www.ubuntu.com/} \\[Canonical] \url{http://www.canonical.com/}}
}
@misc{p61,
	note = {[RedHat] \url{https://www.redhat.com/en/technologies/linux-platforms/articles/relationship-between-fedora-and-rhel}}
}
@misc{p71,
	note = {[Universidad Cardenal Herrera] \url{http://blog.uchceu.es/informatica/ranking-de-sistemas-operativos-mas-usados-para-2014/}}
}
@misc{p81,
	note = {[D-Link] \url{http://www.dlink.com/-/media/Files/B2B%20Briefs/ES/dlinkraid.pdf}}
}
@misc{p91,
	note = {[LDP] \url{http://www.tldp.org/HOWTO/LVM-HOWTO/whatislvm.html}}
}
@misc{p111,
	note = {[Wiky Kernel] \url{https://ext4.wiki.kernel.org/index.php/Frequently_Asked_Questions#What_is_the_difference_between_ext2.2C_ext3.2C_and_ext4.3F}}
}
@misc{p141,
	note = {[Microsoft] \url{http://download.microsoft.com/download/7/0/4/7044A329-B9D6-43C4-BCEE-91C078A5FD52/whats_new_windows_server_2012_esp_.docx}}
}
