@misc{01p11,
	author = "Oracle",
	note = {\url{http://docs.oracle.com/cd/E27300_01/E27309/html/vmusg-vm-modes.html}}
	}
@misc{02p12,
	author = "Oracle",
	note = {\url{http://docs.oracle.com/cd/E27300_01/E27309/html/vmusg-vm-modes.html}}
}
@misc{03p21,
	author = "Oracle",
	note = {\url{http://docs.oracle.com/cd/E27300_01/E27309/html/vmusg-vm-modes.html}}
}
@misc{04p31,
	author = "Oracle",
	note = {\url{http://docs.oracle.com/cd/E27300_01/E27309/html/vmusg-vm-modes.html}}
}
@misc{05p41,
	author = "Oracle",
	note = {\url{http://docs.oracle.com/cd/E27300_01/E27309/html/vmusg-vm-modes.html}}
}
@misc{06p51,
	author = "Oracle",
	note = {\url{http://docs.oracle.com/cd/E27300_01/E27309/html/vmusg-vm-modes.html}}
}
@misc{07p61,
	author = "Oracle",
	note = {\url{http://docs.oracle.com/cd/E27300_01/E27309/html/vmusg-vm-modes.html}}
}
@misc{08p71,
	author = "Oracle",
	note = {\url{http://docs.oracle.com/cd/E27300_01/E27309/html/vmusg-vm-modes.html}}
}
@misc{09p81,
	author = "Oracle",
	note = {\url{http://docs.oracle.com/cd/E27300_01/E27309/html/vmusg-vm-modes.html}}
}
@misc{10p91,
	author = "Oracle",
	note = {\url{http://docs.oracle.com/cd/E27300_01/E27309/html/vmusg-vm-modes.html}}
}
@misc{11p111,
	author = "Oracle",
	note = {\url{http://docs.oracle.com/cd/E27300_01/E27309/html/vmusg-vm-modes.html}}
}
@misc{12p141,
	author = "Oracle",
	note = {\url{http://docs.oracle.com/cd/E27300_01/E27309/html/vmusg-vm-modes.html}}
}
