@misc{c01,
	author = "Tecmint",
	note = {\url{http://www.tecmint.com/how-to-enable-epel-repository-for-rhel-centos-6-5}}
}
@misc{c02,
	author = "Ejecutivo Soporte XpressHosting",
	note = {\url{http://blog.xpress.com.mx/2011/12/que-es-el-comando-screen-y-como-utilizarlo}}
}
@misc{c03,
	author = "Ubuntu",
	note = {\url{https://help.ubuntu.com/community/Fail2ban}}
}
@misc{c04,
	author = "HowToForge",
	note = {\url{http://www.howtoforge.com/how-to-install-tomcat-on-centos-7}}
}
@misc{c05,
	author = "MongoDB",
	note = {\url{http://docs.mongodb.org/manual/tutorial/install-mongodb-on-red-hat-centos-or-fedora-linux}}
}
@misc{c06,
	author = "MongoDB",
	note = {\url{http://docs.mongodb.org/manual/tutorial/getting-started}}
}
@misc{c07,
	author = "HowToForge",
	note = {\url{http://www.howtoforge.com/replacing\_hard\_disks\_in\_a\_raid1\_array}}
}
@misc{c08,
	author = "Nagios",
	note = {\url{http://assets.nagios.com/downloads/nagioscore/docs/Installing\_Nagios\_Core\_From\_Source.pdf}}
}
@misc{c09,
	author = "thedutchlab.com",
	note = {\url{https://thedutchlab.com/en/news/installing-zabbix-on-ubuntu-14-04}}
}
@misc{c10,
	author = "Scala",
	note = {\url{http://docs.scala-lang.org/es/tutorials/scala-for-java-programmers.html}}
}