@misc{c05c01,
	author = "Microsoft",
	note = {\url{http://support.microsoft.com/kb/256986/es}}
}

@misc{c06c01,
	author = "Moodle",
	note = {\url{https://docs.moodle.org/all/es/Recomendaciones_sobre_desempe%C3%B1o}}
}