@misc{c02o,
	author = "Scala",
	note = {\url{http://docs.scala-lang.org/es/tutorials/scala-for-java-programmers.html}}
}

